@inproceedings{young1994decomposition,
  title={Decomposition and Causality in Partial-order Planning.},
  author={Young, R Michael and Pollack, Martha E and Moore, Johanna D},
  booktitle={AIPS},
  pages={188--194},
  year={1994}
}

@article{mcdermott1998pddl,
	title={PDDL-the planning domain definition language},
	author={McDermott, Drew and Ghallab, Malik and Howe, Adele and Knoblock, Craig and Ram, Ashwin and Veloso, Manuela and Weld, Daniel and Wilkins, David},
	year={1998}
}
